@Online{rosIntro:2018,
	author = {{Open Robotics}},
	title = {{ROS Introduction}},
	url = {http://wiki.ros.org/ROS/Introduction},
	year = {2018}
}

@Online{rosTopics:2019,
	author = {{Open Robotics}},
	title = {{ROS Topics}},
	url = {http://wiki.ros.org/Topics},
	year = {2021}
}

@Online{ackerman:2021,
	author = {{Robert Eisele}},
	title = {{Ackerman Steering}},
	url = {https://www.xarg.org/book/kinematics/ackerman-steering/},
	year = {2021}
}
@Online{PIDRegler:2020,
	author = {{DNA}},
	title = {{Der Regler}},
	url = {https://www.xplore-dna.net/mod/page/view.php?id=88},
	year = {2020}
}
@Online{KITcar:gazeboSimulationPackage,
	author = {{KITcar}},
	title = {{Gazebo Simulation Package}},
	url = {https://public-doc.kitcar-team.de/kitcar-gazebo-simulation/gazebo_simulation/index.html},
	year = {2020}
}
@Online{KITcar:simulation_brain_link,
	author = {{KITcar}},
	title = {{Simulation Brain Link Package}},
	url = {https://public-doc.kitcar-team.de/kitcar-gazebo-simulation/simulation_brain_link/index.html},
	year = {2020}
}
@Online{KITcar:simulation_evaluation,
	author = {{KITcar}},
	title = {{Simulation Evaluation Package}},
	url = {https://public-doc.kitcar-team.de/kitcar-gazebo-simulation/simulation_evaluation/index.html},
	year = {2020}
}
@Online{KITcar:simulation_groundtruth,
	author = {{KITcar}},
	title = {{Simulation Grounndtrouth}},
	url = {https://public-doc.kitcar-team.de/kitcar-gazebo-simulation/simulation_groundtruth/index.html},
	year = {2020}
}
@Online{Gazebo,
	author = {{Gazebo}},
	title = {{Gazebo}},
	url = {http://gazebosim.org/},
	year = {2014}
}
@Online{Joint,
	author = {{Ricardo Angeli}},
	title = {{Joint Element}},
	url = {http://wiki.ros.org/urdf/XML/joint},
	year = {2018}
}